@book{semantics,
 author = {Nielson, Hanne Riis and Nielson, Flemming},
 title = {Semantics with applications: a formal introduction},
 year = {1992},
 isbn = {0-471-92980-8},
 publisher = {John Wiley \& Sons, Inc.},
 address = {New York, NY, USA},
} 
